@MISC{mulearn,
author = {Dario,Malchiodi},
title = {Mulearn documentation},
howpublished={\url{https://mulearn.readthedocs.io/en/latest/}}
}

@article{svpaper ,
author = {Dario Malchiodi and Witold Pedrycz},
title = {Learning Membership Functions for Fuzzy Sets through Modiﬁed Support Vector Clustering},
year = {2013}
}

@article{sacpaper ,
author = {Dario Malchiodi and Andrea G.B. Tettamanzi},
title = {Predicting the Possibilistic Score of OWL Axioms through
Modified Support Vector Clustering},
journal = "SAC 2018",
pages = "1984--1991",
year = {2018}
}

@article{drtpaper ,
author = {Dario Malchiodi and Célia da Costa Pereira and  and Andrea G.B. Tettamanzi},
title = {Classifying Candidate Axioms, Dimensionality Reduction Techniques},
year = {2020}
}